@Book{robert-lewand,
author = { Robert Edward Lewand},
title = {Cryptological Mathematics},
publisher = {The Matematical Association of America},
year = {2000}
}
@book{vauldenay,
	Author = {Serge Vaudenay},
	Title = {A Classical Introduction To Cryptography, Applications for Communications Security
},
	Year = {2006},
}

@article{alex-biryukov,
  title = {Block Ciphers and Stream Ciphers: The State of the Art},
  author = {Alex Biryukov},
  address = {Katholieke Universiteit Leuven}
}


@article{majid-mohd,
	Author = {Majid Bakhtiari and Mohd Aizaini Maaref},
	Title = {An Efficient Stream Cipher Algorithm for Data Encryption},
	Year = {2011},
	address = {University Technology Malaysia},
}

@article{donald-davies,
	Author = {Donald Davies},
	Title = {A Brief History of Cryptography},
	Year = {1997},
}

@PhdThesis{alexander-maximov,
author = {Alexander Maximov},
title = {Some Words on Cryptanalysis of Stream Ciphers},
school = {Lund University},
year = {2006}
}

@Article{eli-orr,
author = {Eli Biham and Orr Dunkelman},
title = {Differential Cryptanalysis in Stream Ciphers},
}


